<?xml version="1.0" encoding="UTF-8"?><collection xmlns="http://www.loc.gov/MARC21/slim"><record><leader>00647nam--2200181-i-4500</leader><controlfield tag="001">000047481</controlfield><controlfield tag="002">20161230</controlfield><controlfield tag="005">20161230201046</controlfield><controlfield tag="008">060222s1000------------r-----000-0-eng-d</controlfield><datafield ind1=" " ind2=" " tag="040"><subfield code="a">IFIN-HH</subfield></datafield><datafield ind1=" " ind2=" " tag="080"><subfield code="a">621.375.826:539.18/19(061.3)</subfield></datafield><datafield ind1="1" ind2=" " tag="100"><subfield code="a">Ahmad, S.A</subfield></datafield><datafield ind1="1" ind2="0" tag="245"><subfield code="a">Lamp conference - 1987 winter college on atomic and molecular physics (9 march - 3 april 1987) trieste, italia</subfield><subfield code="b">Vol. 1 si 2</subfield><subfield code="c">S.a. ahmad ((ed.)</subfield></datafield><datafield ind1=" " ind2=" " tag="260"><subfield code="a">Trieste</subfield><subfield code="b">International Centre For Theoretical Physics</subfield><subfield code="c">19987</subfield></datafield><datafield ind1=" " ind2=" " tag="300"><subfield code="a">2 VOL</subfield></datafield><datafield ind1="1" ind2=" " tag="787"><subfield code="a">Vol. 2</subfield><subfield code="h">/Pag.Dif.</subfield><subfield code="t">Optogalvanic And Ionization Spectroscopy</subfield></datafield><datafield ind1=" " ind2=" " tag="852"><subfield code="a">73944</subfield><subfield code="c">539.18</subfield></datafield><datafield ind1=" " ind2=" " tag="CAT"><subfield code="a">Sys</subfield><subfield code="c">20120711</subfield><subfield code="h">114210</subfield></datafield></record></collection>